@article{allcott2017social,
  title={Social media and fake news in the 2016 election},
  author={Allcott, Hunt and Gentzkow, Matthew},
  journal={Journal of Economic Perspectives},
  volume={31},
  number={2},
  pages={211--36},
  year={2017}
}
@article{福島隆寛2007web,
  title={Web ページの信頼性の自動推定},
  author={福島隆寛 and 内海彰},
  journal={知能と情報},
  volume={19},
  number={3},
  pages={239--249},
  year={2007},
  publisher={日本知能情報ファジィ学会}
}
@mastersthesis{松尾省吾2018master,
  title={機械学習を用いた流言の検出に関する研究},
  author={松尾省吾},
  school={電気通信大学院},
  year={2018},
}
@inproceedings{wu2018tracing,
  title={Tracing fake-news footprints: Characterizing social media messages by how they propagate},
  author={Wu, Liang and Liu, Huan},
  booktitle={Proceedings of the Eleventh ACM International Conference on Web Search and Data Mining},
  pages={637--645},
  year={2018},
  organization={ACM}
}
@inproceedings{Granik8100379,
  author={M. Granik and V. Mesyura},
  booktitle={2017 IEEE First Ukraine Conference on Electrical and Computer Engineering (UKRCON)},
  title={Fake news detection using naive Bayes classifier},
  year={2017},
  volume={},
  number={},
  pages={900-903},
  keywords={artificial intelligence;Bayes methods;pattern classification;social networking (online);Facebook news posts;fake news detection problem;artificial intelligence;classification accuracy;software system;naive Bayes classifier;Facebook;Training;Probability;Artificial intelligence;Filtering;Classification algorithms;Conferences;fake news;naive Bayes classifier;artificial intelligence},
  doi={10.1109/UKRCON.2017.8100379},
  ISSN={},
  month={5}
}
@inproceedings{rubin2016fake,
  title={Fake news or truth? using satirical cues to detect potentially misleading news},
  author={Rubin, Victoria and Conroy, Niall and Chen, Yimin and Cornwell, Sarah},
  booktitle={Proceedings of the Second Workshop on Computational Approaches to Deception Detection},
  pages={7--17},
  year={2016}
}
@article{horne2017just,
  title={This just in: fake news packs a lot in title, uses simpler, repetitive content in text body, more similar to satire than real news},
  author={Horne, Benjamin D and Adali, Sibel},
  journal={arXiv preprint arXiv:1703.09398},
  year={2017}
}
@inproceedings{Gilda8305411, 
  author={S. Gilda}, 
  booktitle={2017 IEEE 15th Student Conference on Research and Development (SCOReD)}, 
  title={Evaluating machine learning algorithms for fake news detection}, 
  year={2017}, 
  volume={}, 
  number={}, 
  pages={110-115}, 
  keywords={context-free grammars;decision trees;gradient methods;information resources;learning (artificial intelligence);natural language processing;pattern classification;stochastic processes;support vector machines;fake news detection;news stories;Signal Media;term frequency-inverse document frequency;TF-IDF;bi-grams;probabilistic context free grammar detection;multiple classification algorithms;Support Vector Machines;Gradient Boosting;Bounded Decision Trees;Stochastic Gradient Descent model;natural language processing techniques;machine learning algorithms;Reliability;Stochastic processes;Data models;Predictive models;Task analysis;Pipelines;Conferences;Natural language processing;Machine learning;Classification algorithms;Fake-news detection}, 
  doi={10.1109/SCORED.2017.8305411}, 
  ISSN={}, 
  month={12}
}
@inproceedings{jin2017multimodal,
  title={Multimodal fusion with recurrent neural networks for rumor detection on microblogs},
  author={Jin, Zhiwei and Cao, Juan and Guo, Han and Zhang, Yongdong and Luo, Jiebo},
  booktitle={Proceedings of the 2017 ACM on Multimedia Conference},
  pages={795--816},
  year={2017},
  organization={ACM}
}
@inproceedings{wang2018eann,
  title={EANN: Event Adversarial Neural Networks for Multi-Modal Fake News Detection},
  author={Wang, Yaqing and Ma, Fenglong and Jin, Zhiwei and Yuan, Ye and Xun, Guangxu and Jha, Kishlay and Su, Lu and Gao, Jing},
  booktitle={Proceedings of the 24th ACM SIGKDD International Conference on Knowledge Discovery \& Data Mining},
  pages={849--857},
  year={2018},
  organization={ACM}
}
@article{collobert2011natural,
  title={Natural language processing (almost) from scratch},
  author={Collobert, Ronan and Weston, Jason and Bottou, L{\'e}on and Karlen, Michael and Kavukcuoglu, Koray and Kuksa, Pavel},
  journal={Journal of Machine Learning Research},
  volume={12},
  number={Aug},
  pages={2493--2537},
  year={2011}
}
@article{kalchbrenner2014convolutional,
  title={A convolutional neural network for modelling sentences},
  author={Kalchbrenner, Nal and Grefenstette, Edward and Blunsom, Phil},
  journal={arXiv preprint arXiv:1404.2188},
  year={2014}
}
@article{kim2014convolutional,
  title={Convolutional neural networks for sentence classification},
  author={Kim, Yoon},
  journal={arXiv preprint arXiv:1408.5882},
  year={2014}
}
@article{simonyan2014very,
  title={Very deep convolutional networks for large-scale image recognition},
  author={Simonyan, Karen and Zisserman, Andrew},
  journal={arXiv preprint arXiv:1409.1556},
  year={2014}
}
@inproceedings{boididou2015verifying,
  title={Verifying Multimedia Use at MediaEval 2015.},
  author={Boididou, Christina and Andreadou, Katerina and Papadopoulos, Symeon and Dang-Nguyen, Duc-Tien and Boato, Giulia and Riegler, Michael and Kompatsiaris, Yiannis and others},
  booktitle={MediaEval},
  year={2015}
}
@online{google_2013,
  author={Tomas Mikolov and Ilya Sutskever},
  title={Google Code Archive - Long-term storage for Google Code Project Hosting.},
  url={https://code.google.com/archive/p/word2vec/},
  journal={Google},
  publisher={Google},
  year={2013},
  month={7},
  urldate={2019-01-24}
}