@article{10.1257/jep.31.2.211,
  Author = {Allcott, Hunt and Gentzkow, Matthew},
  Title = {Social Media and Fake News in the 2016 Election},
  Journal = {Journal of Economic Perspectives},
  Volume = {31},
  Number = {2},
  Year = {2017},
  Month = {5},
  Pages = {211-36},
  DOI = {10.1257/jep.31.2.211},
  URL = {http://www.aeaweb.org/articles?id=10.1257/jep.31.2.211}
}
@article{2007,
  title={Web ページの信頼性の自動推定},
  author={福島 隆寛 and 内海 彰},
  journal={知能と情報},
  volume={19},
  number={3},
  pages={239-249},
  year={2007},
  doi={10.3156/jsoft.19.239}
}
@mastersthesis{松尾省吾2018master,
  title={機械学習を用いた流言の検出に関する研究},
  author={松尾 省吾},
  school={電気通信大学院},
  year={2018},
}
@inproceedings{Wu:2018:TFF:3159652.3159677,
  author = {Wu, Liang and Liu, Huan},
  title = {Tracing Fake-News Footprints: Characterizing Social Media Messages by How They Propagate},
  booktitle = {Proceedings of the Eleventh ACM International Conference on Web Search and Data Mining},
  series = {WSDM '18},
  year = {2018},
  isbn = {978-1-4503-5581-0},
  location = {Marina Del Rey, CA, USA},
  pages = {637--645},
  numpages = {9},
  url = {http://doi.acm.org/10.1145/3159652.3159677},
  doi = {10.1145/3159652.3159677},
  acmid = {3159677},
  publisher = {ACM},
  address = {New York, NY, USA},
  keywords = {classification, fake news detection, graph mining, misinformation, social media mining, social network analysis},
}
@inproceedings{Granik8100379,
  author={M. Granik and V. Mesyura},
  booktitle={2017 IEEE First Ukraine Conference on Electrical and Computer Engineering (UKRCON)},
  title={Fake news detection using naive Bayes classifier},
  year={2017},
  volume={},
  number={},
  pages={900-903},
  keywords={artificial intelligence;Bayes methods;pattern classification;social networking (online);Facebook news posts;fake news detection problem;artificial intelligence;classification accuracy;software system;naive Bayes classifier;Facebook;Training;Probability;Artificial intelligence;Filtering;Classification algorithms;Conferences;fake news;naive Bayes classifier;artificial intelligence},
  doi={10.1109/UKRCON.2017.8100379},
  ISSN={},
  month={5}
}
@InProceedings{W16-0802,
  author = {Rubin, Victoria and Conroy, Niall and Chen, Yimin and Cornwell, Sarah},
  title = {Fake News or Truth? Using Satirical Cues to Detect Potentially Misleading News},
  booktitle = {Proceedings of the Second Workshop on Computational Approaches to Deception Detection},
  year = {2016},
  publisher = {Association for Computational Linguistics},
  pages = {7--17},
  location = {San Diego, California},
  doi = 	{10.18653/v1/W16-0802},
  url = {http://aclweb.org/anthology/W16-0802}
}
@article{DBLP:journals/corr/HorneA17,
  author    = {Benjamin D. Horne and Sibel Adali},
  title     = {This Just In: Fake News Packs a Lot in Title, Uses Simpler, Repetitive
               Content in Text Body, More Similar to Satire than Real News},
  journal   = {CoRR},
  volume    = {abs/1703.09398},
  year      = {2017},
  url       = {http://arxiv.org/abs/1703.09398},
  archivePrefix = {arXiv},
  eprint    = {1703.09398},
  timestamp = {Mon, 13 Aug 2018 16:45:58 +0200},
  biburl    = {https://dblp.org/rec/bib/journals/corr/HorneA17},
  bibsource = {dblp computer science bibliography, https://dblp.org}
}
@inproceedings{Gilda8305411, 
  author={S. Gilda}, 
  booktitle={2017 IEEE 15th Student Conference on Research and Development (SCOReD)}, 
  title={Evaluating machine learning algorithms for fake news detection}, 
  year={2017}, 
  volume={}, 
  number={}, 
  pages={110-115}, 
  keywords={context-free grammars;decision trees;gradient methods;information resources;learning (artificial intelligence);natural language processing;pattern classification;stochastic processes;support vector machines;fake news detection;news stories;Signal Media;term frequency-inverse document frequency;TF-IDF;bi-grams;probabilistic context free grammar detection;multiple classification algorithms;Support Vector Machines;Gradient Boosting;Bounded Decision Trees;Stochastic Gradient Descent model;natural language processing techniques;machine learning algorithms;Reliability;Stochastic processes;Data models;Predictive models;Task analysis;Pipelines;Conferences;Natural language processing;Machine learning;Classification algorithms;Fake-news detection}, 
  doi={10.1109/SCORED.2017.8305411}, 
  ISSN={}, 
  month={12}
}
@inproceedings{Jin:2017:MFR:3123266.3123454,
  author = {Jin, Zhiwei and Cao, Juan and Guo, Han and Zhang, Yongdong and Luo, Jiebo},
  title = {Multimodal Fusion with Recurrent Neural Networks for Rumor Detection on Microblogs},
  booktitle = {Proceedings of the 25th ACM International Conference on Multimedia},
  series = {MM '17},
  year = {2017},
  isbn = {978-1-4503-4906-2},
  location = {Mountain View, California, USA},
  pages = {795--816},
  numpages = {22},
  url = {http://doi.acm.org/10.1145/3123266.3123454},
  doi = {10.1145/3123266.3123454},
  acmid = {3123454},
  publisher = {ACM},
  address = {New York, NY, USA},
  keywords = {attention mechanism, lstm, microblog, multimodal fusion, rumor detection},
}
@inproceedings{Wang:2018:EEA:3219819.3219903,
  author = {Wang, Yaqing and Ma, Fenglong and Jin, Zhiwei and Yuan, Ye and Xun, Guangxu and Jha, Kishlay and Su, Lu and Gao, Jing},
  title = {EANN: Event Adversarial Neural Networks for Multi-Modal Fake News Detection},
  booktitle = {Proceedings of the 24th ACM SIGKDD International Conference on Knowledge Discovery \&\#38; Data Mining},
  series = {KDD '18},
  year = {2018},
  isbn = {978-1-4503-5552-0},
  location = {London, United Kingdom},
  pages = {849--857},
  numpages = {9},
  url = {http://doi.acm.org/10.1145/3219819.3219903},
  doi = {10.1145/3219819.3219903},
  acmid = {3219903},
  publisher = {ACM},
  address = {New York, NY, USA},
  keywords = {adversarial neural networks, deep learning, fake news detection},
}
@article{collobert2011natural,
  title={Natural language processing (almost) from scratch},
  author={Collobert, Ronan and Weston, Jason and Bottou, L{\'e}on and Karlen, Michael and Kavukcuoglu, Koray and Kuksa, Pavel},
  journal={Journal of Machine Learning Research},
  volume={12},
  number={Aug},
  pages={2493--2537},
  year={2011}
}
@article{KalchbrennerACL2014,
  title = {A Convolutional Neural Network for Modelling Sentences},
  author = {Nal Kalchbrenner and Edward Grefenstette and Phil Blunsom},
  year = {2014},
  journal = {Proceedings of the 52nd Annual Meeting of the Association for Computational Linguistics},
  location = {Baltimore, USA},
  month = {6},
  url = {http://goo.gl/EsQCuC},
}
@article{DBLP:journals/corr/Kim14f,
  author    = {Yoon Kim},
  title     = {Convolutional Neural Networks for Sentence Classification},
  journal   = {CoRR},
  volume    = {abs/1408.5882},
  year      = {2014},
  url       = {http://arxiv.org/abs/1408.5882},
  archivePrefix = {arXiv},
  eprint    = {1408.5882},
  timestamp = {Mon, 13 Aug 2018 16:46:21 +0200},
  biburl    = {https://dblp.org/rec/bib/journals/corr/Kim14f},
  bibsource = {dblp computer science bibliography, https://dblp.org}
}
@article{DBLP:journals/corr/SimonyanZ14a,
  author    = {Karen Simonyan and Andrew Zisserman},
  title     = {Very Deep Convolutional Networks for Large-Scale Image Recognition},
  journal   = {CoRR},
  volume    = {abs/1409.1556},
  year      = {2014},
  url       = {http://arxiv.org/abs/1409.1556},
  archivePrefix = {arXiv},
  eprint    = {1409.1556},
  timestamp = {Mon, 13 Aug 2018 16:46:51 +0200},
  biburl    = {https://dblp.org/rec/bib/journals/corr/SimonyanZ14a},
  bibsource = {dblp computer science bibliography, https://dblp.org}
}
@inproceedings{boididou2015verifying,
  title={Verifying Multimedia Use at MediaEval 2015.},
  author={Boididou, Christina and Andreadou, Katerina and Papadopoulos, Symeon and Dang-Nguyen, Duc-Tien and Boato, Giulia and Riegler, Michael and Kompatsiaris, Yiannis and others},
  booktitle={MediaEval},
  year={2015}
}
@online{google_2013,
  author={Tomas Mikolov and Ilya Sutskever},
  title={Google Code Archive - Long-term storage for Google Code Project Hosting.},
  url={https://code.google.com/archive/p/word2vec/},
  journal={Google},
  publisher={Google},
  year={2013},
  month={7},
  urldate={2019-01-24}
}
@inproceedings{Vosoughi:2016:TLT:2911451.2914762,
  author = {Vosoughi, Soroush and Vijayaraghavan, Prashanth and Roy, Deb},
  title = {Tweet2Vec: Learning Tweet Embeddings Using Character-level CNN-LSTM Encoder-Decoder},
  booktitle = {Proceedings of the 39th International ACM SIGIR Conference on Research and Development in Information Retrieval},
  series = {SIGIR '16},
  year = {2016},
  isbn = {978-1-4503-4069-4},
  location = {Pisa, Italy},
  pages = {1041--1044},
  numpages = {4},
  url = {http://doi.acm.org/10.1145/2911451.2914762},
  doi = {10.1145/2911451.2914762},
  acmid = {2914762},
  publisher = {ACM},
  address = {New York, NY, USA},
  keywords = {cnn, convolutional neural networks, embedding, encoder-decoder, lstm, tweet, tweet2vec, twitter},
}
@ARTICLE{7508408, 
  author={K. Greff and R. K. Srivastava and J. Koutník and B. R. Steunebrink and J. Schmidhuber}, 
  journal={IEEE Transactions on Neural Networks and Learning Systems}, 
  title={LSTM: A Search Space Odyssey}, 
  year={2017}, 
  volume={28}, 
  number={10}, 
  pages={2222-2232}, 
  keywords={handwriting recognition;learning (artificial intelligence);recurrent neural nets;search problems;speech recognition;statistical analysis;LSTM;search space odyssey;long short-term memory architecture;recurrent neural networks;machine learning problems;speech recognition;handwriting recognition;polyphonic music modeling;analysis of variance framework;random search;Logic gates;Computer architecture;Training;Microprocessors;Speech recognition;Handwriting recognition;Recurrent neural networks;Functional ANalysis Of VAriance (fANOVA);long short-term memory (LSTM);random search;recurrent neural networks;sequence learning}, 
  doi={10.1109/TNNLS.2016.2582924}, 
  ISSN={2162-237X}, 
  month={10}
}
@INPROCEEDINGS{7298935,
  author={O. Vinyals and A. Toshev and S. Bengio and D. Erhan},
  booktitle={2015 IEEE Conference on Computer Vision and Pattern Recognition (CVPR)},
  title={Show and tell: A neural image caption generator},
  year={2015},
  volume={},
  number={},
  pages={3156-3164},
  keywords={computer vision;learning (artificial intelligence);natural language processing;recurrent neural nets;neural image caption generator;image content description;artificial intelligence;computer vision;natural language processing;generative model;deep recurrent architecture;machine translation;natural sentence generation;language fluency;learning;BLEU-1 score;Pascal dataset;Flickr30k;SBU;COCO dataset;Logic gates;Measurement;Training;Visualization;Recurrent neural networks;Google},
  doi={10.1109/CVPR.2015.7298935},
  ISSN={1063-6919},
  month={6}
}
@INPROCEEDINGS{7410636,
  author={S. Antol and A. Agrawal and J. Lu and M. Mitchell and D. Batra and C. L. Zitnick and D. Parikh},
  booktitle={2015 IEEE International Conference on Computer Vision (ICCV)},
  title={VQA: Visual Question Answering},
  year={2015},
  volume={},
  number={},
  pages={2425-2433},
  keywords={question answering (information retrieval);free-form VQA;open-ended visual question answering;natural language answer;generic image captions;open-ended answers;multiple-choice format;human performance;Visualization;Image color analysis;Knowledge discovery;Cognition;Measurement;Glass},
  doi={10.1109/ICCV.2015.279},
  ISSN={2380-7504},
  month={12}
}
@online{harmanci_2012,
  title={11 Viral Photos That AREN'T Hurricane Sandy},
  url={https://www.buzzfeednews.com/article/reyhan/viral-photos-that-arent-hurricane-sandy},
  journal={BuzzFeed News},
  publisher={BuzzFeed News},
  author={Harmanci, Reyhan},
  year={2012},
  month={10},
  urldate={2019-01-24}
}
@online{holan_2018,
  title={The Principles of the Truth-O-Meter: How we fact-check},
  url={https://www.politifact.com/truth-o-meter/article/2018/feb/12/principles-truth-o-meter-politifacts-methodology-i},
  journal={POLITIFACT},
  author={Holan, Angie Drobnic},
  year={2018},
  month={2},
  urldate={2019-01-24}
}
@misc{tamir,
  title={About FakerFact},
  url={https://www.fakerfact.org/about},
  journal={FakerFact},
  author={Tamir, Mike},
  urldate={2019-01-24}
}
@article{JMLR:v15:srivastava14a,
  author  = {Nitish Srivastava and Geoffrey Hinton and Alex Krizhevsky and Ilya Sutskever and Ruslan Salakhutdinov},
  title   = {Dropout: A Simple Way to Prevent Neural Networks from Overfitting},
  journal = {Journal of Machine Learning Research},
  year    = {2014},
  volume  = {15},
  pages   = {1929-1958},
  url     = {http://jmlr.org/papers/v15/srivastava14a.html}
}
@article{DBLP:journals/corr/KingmaB14,
  author    = {Diederik P. Kingma and Jimmy Ba},
  title     = {Adam: {A} Method for Stochastic Optimization},
  journal   = {CoRR},
  volume    = {abs/1412.6980},
  year      = {2014},
  url       = {http://arxiv.org/abs/1412.6980},
  archivePrefix = {arXiv},
  eprint    = {1412.6980},
  timestamp = {Mon, 13 Aug 2018 16:47:35 +0200},
  biburl    = {https://dblp.org/rec/bib/journals/corr/KingmaB14},
  bibsource = {dblp computer science bibliography, https://dblp.org}
}